@article{misc:mobilecloudcomputing,
 author = {Fernando, Niroshinie and Loke, Seng W. and Rahayu, Wenny},
 title = {Mobile Cloud Computing},
 journal = {Future Gener. Comput. Syst.},
 issue_date = {January, 2013},
 volume = {29},
 number = {1},
 month = jan,
 year = {2013},
 issn = {0167-739X},
 pages = {84--106},
 numpages = {23},
 url = {http://dx.doi.org/10.1016/j.future.2012.05.023},
 doi = {10.1016/j.future.2012.05.023},
 acmid = {2388260},
 publisher = {Elsevier Science Publishers B. V.},
 address = {Amsterdam, The Netherlands, The Netherlands},
 keywords = {Mobile cloud computing, Pervasive networks, Task offload},
}

@article{article:mobilecloudreviewinderkilde,
 author = {Kaur, Karamjeet and  Sharma, Sugandha and Arora, Mayank},
 title = {Mobile Cloud Computing Techniques: A Review},
 journal = {International Journal of Advanced Research in Computer Engineering \& Technology (IJARCET)},
 issue_date = {April, 2014},
 volume = {3},
 issue = {4},
 pages = {1734--1738},
 numpages = {5},
 url = {http://ijarcet.org/wp-content/uploads/IJARCET-VOL-3-ISSUE-5-1734-1738.pdf}
}

@article{article:mobilecloudreviewinderkildesecurity,
 author = {Aulakh, Jaspreet Kaur and Sharma, Sugandha and Arora, Mayank},
 title = {Mobile Cloud Computing Security Issues: Overview},
 journal = {International Journal of Advanced Research in Computer Engineering \& Technology (IJARCET)},
 issue_date = {May, 2014},
 volume = {3},
 issue = {5},
 pages = {1722--1726},
 numpages = {5},
 url = {http://ijarcet.org/wp-content/uploads/IJARCET-VOL-3-ISSUE-5-1722-1726.pdf}
} 

@article{goyalmobile,
  title={Mobile Cloud Computing},
  author={Goyal, Mukesh and Singh, Sukhwinder},
  journal = {International Journal of Enhanced Research in Science Technology \& Engineering},
  issue_date = {April 2014},
  volume = {3},
  pages = {517-521},
  url = {http://www.erpublications.com/uploaded\_files/download/download\_12\_05\_2014\_16\_34\_15.pdf}
}

@article{liu2013gearing,
	title={Gearing resource-poor mobile devices with powerful clouds: architectures, challenges, and applications},
	author={Liu, Fangming and Shu, Peng and Jin, Hai and Ding, Linjie and Yu, Jie and Niu, Di and Li, Bo},
	journal={Wireless Communications, IEEE},
	volume={20},
	number={3},
	pages={14--22},
	year={2013},
	publisher={IEEE}
}

@article{fernando2013mobile,
	title={Mobile cloud computing: A survey},
	author={Fernando, Niroshinie and Loke, Seng W and Rahayu, Wenny},
	journal={Future Generation Computer Systems},
	volume={29},
	number={1},
	pages={84--106},
	year={2013},
	publisher={Elsevier}
}

@article{sanaei2014heterogeneity,
	title={Heterogeneity in mobile cloud computing: taxonomy and open challenges},
	author={Sanaei, Zohreh and Abolfazli, Saeid and Gani, Abdullah and Buyya, Rajkumar},
	journal={Communications Surveys \& Tutorials, IEEE},
	volume={16},
	number={1},
	pages={369--392},
	year={2014},
	publisher={IEEE}
}

@inproceedings{dev2014review,
	title={A Review and Research Towards Mobile Cloud Computing},
	author={Dev, Dipayan and Baishnab, Krishna Lal},
	booktitle={Mobile Cloud Computing, Services, and Engineering (MobileCloud), 2014 2nd IEEE International Conference on},
	pages={252--256},
	year={2014},
	organization={IEEE}
}

@inproceedings{kumar2013mobile,
	title={Mobile Cloud Computing},
	author={Kumar, Lalit and Malik, Nishant and Agghi, Gourav and Anand, Ajay},
	booktitle={International Conference on Computer Sciences and Applications},
	year={2013}
}

@INPROCEEDINGS{6215350,
author={Han Qi and Gani, A.},
booktitle={Digital Information and Communication Technology and it's Applications (DICTAP), 2012 Second International Conference on},
title={Research on mobile cloud computing: Review, trend and perspectives},
year={2012},
month={May},
pages={195-202},
keywords={cloud computing;mobile computing;MCC;cloud computing;mobile cloud computing;mobile computing;Cloud computing;Mobile communication;Mobile computing;Servers;Smart phones;Cloud Computing;Mobile Cloud Computing;Mobile Computing;Research Directions},
doi={10.1109/DICTAP.2012.6215350},}
